<record><leader>00000cas a2200000 a 4500</leader><controlfield tag="001">38127399</controlfield><controlfield tag="008">971223d186u1uuumiuwr n       0    0eng c</controlfield><datafield ind1=" " ind2=" " tag="010"><subfield code="a">sn 97070584 </subfield></datafield><datafield ind1=" " ind2=" " tag="040"><subfield code="a">MHN</subfield><subfield code="b">eng</subfield><subfield code="c">MHN</subfield><subfield code="d">OCL</subfield><subfield code="d">NVF</subfield><subfield code="d">OCLCQ</subfield><subfield code="d">OCLCF</subfield><subfield code="d">OCLCO</subfield></datafield><datafield ind1="1" ind2=" " tag="029"><subfield code="a">AU@</subfield><subfield code="b">000013708335</subfield></datafield><datafield ind1=" " ind2=" " tag="042"><subfield code="a">pcc</subfield></datafield><datafield ind1=" " ind2=" " tag="043"><subfield code="a">n-us-mi</subfield></datafield><datafield ind1="0" ind2="4" tag="245"><subfield code="a">The western chronicle and St. Joseph County general advertiser.</subfield></datafield><datafield ind1="1" ind2="3" tag="246"><subfield code="a">Western chronicle</subfield></datafield><datafield ind1="3" ind2=" " tag="246"><subfield code="a">Western chronicle and Saint Joseph County general advertiser</subfield></datafield><datafield ind1=" " ind2=" " tag="260"><subfield code="a">Three Rivers, Mich. :</subfield><subfield code="b">C.M. Vanderslice &amp; Bro.</subfield></datafield><datafield ind1=" " ind2=" " tag="300"><subfield code="a">v.</subfield></datafield><datafield ind1=" " ind2=" " tag="310"><subfield code="a">Weekly</subfield></datafield><datafield ind1=" " ind2=" " tag="588"><subfield code="a">Description based on: Vol. 16, no. 10 (Jan. 5, 1865).</subfield></datafield><datafield ind1=" " ind2="0" tag="651"><subfield code="a">Three Rivers (Mich.)</subfield><subfield code="v">Newspapers.</subfield></datafield><datafield ind1=" " ind2="0" tag="651"><subfield code="a">Saint Joseph County (Mich.)</subfield><subfield code="v">Newspapers.</subfield></datafield><datafield ind1=" " ind2="7" tag="655"><subfield code="a">Newspapers.</subfield><subfield code="2">fast</subfield><subfield code="0">(OCoLC)fst01423814</subfield></datafield><datafield ind1=" " ind2="7" tag="651"><subfield code="a">Michigan</subfield><subfield code="z">Saint Joseph County.</subfield><subfield code="2">fast</subfield><subfield code="0">(OCoLC)fst01210520</subfield></datafield><datafield ind1=" " ind2="7" tag="651"><subfield code="a">Michigan</subfield><subfield code="z">Three Rivers.</subfield><subfield code="2">fast</subfield><subfield code="0">(OCoLC)fst01216372</subfield></datafield><datafield ind1=" " ind2=" " tag="752"><subfield code="a">United States</subfield><subfield code="b">Michigan</subfield><subfield code="c">Saint Joseph</subfield><subfield code="d">Three Rivers.</subfield></datafield><datafield ind1="0" ind2="0" tag="780"><subfield code="t">Western chronicle (Centreville, Mich.)</subfield><subfield code="w">(DLC)sn 83016618</subfield><subfield code="w">(OCoLC)9940940</subfield></datafield></record>